<?xml version="1.0" encoding="UTF-8"?><collection xmlns="http://www.loc.gov/MARC21/slim"><record><leader>00358nam--2200121-i-4500</leader><controlfield tag="001">000031819</controlfield><controlfield tag="002">20161230</controlfield><controlfield tag="005">20161230201038</controlfield><controlfield tag="008">060222s1000------------r-----000-0-eng-d</controlfield><datafield ind1=" " ind2=" " tag="100"><subfield code="a">Malov, N.N</subfield></datafield><datafield ind1=" " ind2=" " tag="245"><subfield code="a">Curs de electrotehnica si radiotehnica. traducere din limba rusa</subfield></datafield><datafield ind1=" " ind2=" " tag="260"><subfield code="a">Bucuresti, Editura Energetica De Stat, 504p. Cu Ilustrate+erata</subfield></datafield><datafield ind1=" " ind2=" " tag="852"><subfield code="a">3482</subfield></datafield></record></collection>